@misc{ceskastomatologickakomorarocenky,
  author="{Česká stomatologická komora}",
  title="{Česká stomatologická komora: Ročenky}",
  note="{Dostupné online https://www.dent.cz/o-nas/rocenky/}"
}
@misc{soldanova,
  author="{Ortodoncie a Stomatologie s.r.o}",
  title="{Ortodoncie a Stomatologie Jindřichův Hradec}",
  note="{Dostupné online http://www.ortodonciejh.cz/}"
}
@misc{lukasnovak,
  author="{MDDr. Lukáš Novák}",
  title="{MDDr. Lukáš Novák - Praktické zubní lékařství}",
  note="{Dostupné online https://www.dent.cz/zubni-lekari/lukas-novak-jihlava/}"
}
@misc{simlib,
  author="{Petr Peringer}",
  title="{SImulation LIBrary for C++}",
  note="{Dostupné online https://www.fit.vutbr.cz/~peringer/SIMLIB/}"
}
@misc{dem01,
  author="{Martin Hrubý}",
  title="{Diskrétní modelování – Petriho sítě a SIMLIB/C++}",
  note="{Dostupné online http://perchta.fit.vutbr.cz:8000/vyuka-ims/uploads/1/ims-demo1.pdf}"
}
@misc{dem02,
  author="{Martin Hrubý}",
  title="{Simulační experimenty SIMLIB/C++}",
  note="{Dostupné online http://perchta.fit.vutbr.cz:8000/vyuka-ims/uploads/1/diskr2-2011.pdf}"
}
@misc{seminar,
  author="{Martin Hrubý}",
  title="{Seminář o projektech IMS}",
  note="{Dostupné online http://perchta.fit.vutbr.cz:8000/vyuka-ims/uploads/1/IMS-2018-seminar-o-projektech.pdf}"
}
@misc{ims,
  author="{Petr Peringer, Martin Hrubý}",
  title="{Slajdy k přednáškám modelování a simulace}",
  note="{Dostupné online https://wis.fit.vutbr.cz/FIT/st/cfs.php?file=\%2Fcourse\%2FIMS-IT\%2Flectures\%2FIMS.pdf\&cid=12760}"
}
@misc{pipe2,
  author="{Sarah Tattersall}",
  title="{A tool for creating and analysing Petri nets}",
  note="{Dostupné online https://sourceforge.net/projects/pipe2/}"
}
